<?xml version="1.0" encoding="UTF-8"?><collection xmlns="http://www.loc.gov/MARC21/slim"><record><leader>00434nam--2200133-i-4500</leader><controlfield tag="001">000013035</controlfield><controlfield tag="002">20161230</controlfield><controlfield tag="005">20161230201030</controlfield><controlfield tag="008">060222s1000------------r-----000-0-eng-d</controlfield><datafield ind1=" " ind2=" " tag="245"><subfield code="a">Topics in functional analysis.essays dedicated to m.g.krein on the occasion of his 70 the birthday</subfield></datafield><datafield ind1=" " ind2=" " tag="260"><subfield code="a">New York, Academic Press, 1978</subfield></datafield><datafield ind1=" " ind2=" " tag="490"><subfield code="a">Advances In Mathematics Supplementary Studies</subfield></datafield><datafield ind1=" " ind2=" " tag="700"><subfield code="a">Gohberg, I. And Kac, M</subfield></datafield><datafield ind1=" " ind2=" " tag="852"><subfield code="a">46941</subfield></datafield></record></collection>